Automatically generated by Mendeley Desktop 1.19.3
Any changes to this file will be lost if it is regenerated by Mendeley.

BibTeX export options can be customized via Options -> BibTeX in Mendeley Desktop

@article{Colander2004,
abstract = {This article argues that economics is currently undergoing a fundamental shift in its method, away from neoclassical economics and into something new. Although that something new has not been fully developed, it is beginning to take form and is centered on dynamics, recursive methods and complexity theory. The foundation of this change is coming from economists who are doing cutting edge work and influencing mainstream economics. These economists are defining and laying the theoretical groundwork for the fundamental shift that is occurring in the economics profession.},
archivePrefix = {arXiv},
arxivId = {arXiv:1011.1669v3},
author = {Colander, David and Holt, Richard P.F. and Rosser, J. Barkley},
doi = {10.1080/0953825042000256702},
eprint = {arXiv:1011.1669v3},
isbn = {0953825042000},
issn = {09538259},
journal = {Review of Political Economy},
number = {4},
pages = {485--499},
pmid = {25246403},
title = {{The changing face of mainstream economics}},
volume = {16},
year = {2004}
}
@incollection{AXELROD1997,
abstract = {Advancing the state of the art of simulation in the social sciences requires appreciating the unique value of simulation as a third way of doing science, in contrast to both induction and deduction. Simulation can be an effective tool for discovering surprising consequences of simple assumptions. This essay offers advice for doing simulation research, focusing on the programming of a simulation model, analyzing the results and sharing the results with others. Replicating other peoples simulations gets special emphasis, with examples of the procedures and difficulties involved in the process of replication. Finally, suggestions are offered for fostering of a community of social scientists who do simulation.},
author = {Axelrod, Robert},
booktitle = {Complexity},
isbn = {3540633294},
issn = {10990526},
number = {2},
pages = {16--22},
pmid = {16233759},
publisher = {Springer},
title = {{Advancing the art of simulation in the social sciences}},
volume = {3},
year = {1997}
}
@book{Lucena2009,
author = {de Lucena, Jos{\'{e}} Mario Pereira and de Lucena, Jos{\'{e}} Mario Pereira},
file = {:home/jadson/Insync-GoogleDrive/Mendeley Desktop/Lucena, de Lucena/2009 - Lucena, de Lucena - O Mercado Habitacional no Brasil.pdf:pdf},
title = {{O Mercado Habitacional no Brasil}},
year = {2009}
}
@article{Wheaton1990housing,
abstract = {A model of the single-family housing market is proposed in which households that move are both buyers and sellers. Households move when a stochastic process leaves them dissatisfied with their current unit. Household buyers expend costly search effort to find a better house, while sellers hold two units until a buyer is found. The vacancy rate, fixed in the short run, determines the expected length of sale and search, which play a central role in the reservation prices of buyer and seller. Market prices, the result of bargaining, lie between these two. The model yields a strong theoretical relationship (inverse) between vacancy and prices, which with competitive supply explains the existence of longer-run "structural" vacancy. CR - Copyright {\&}{\#}169; 1990 The University of Chicago Press},
author = {Wheaton, William C.},
doi = {10.1086/261734},
file = {:home/jadson/Insync-GoogleDrive/Mendeley Desktop/Wheaton/1990 - Wheaton - Vacancy, Search, and Prices in a Housing Market Matching Model.pdf:pdf},
isbn = {0022-3808},
issn = {0022-3808},
journal = {Journal of Political Economy},
number = {6},
pages = {1270--1292},
title = {{Vacancy, Search, and Prices in a Housing Market Matching Model}},
url = {http://www.journals.uchicago.edu/doi/10.1086/261734},
volume = {98},
year = {1990}
}
@book{Chesnais98,
address = {S{\~{a}}o Paulo},
author = {Chesnais, Fran{\c{c}}ois},
isbn = {8585833467},
keywords = {ERF,financeriza{\c{c}}{\~{a}}o},
mendeley-tags = {ERF,financeriza{\c{c}}{\~{a}}o},
publisher = {Xam{\~{a}}},
title = {{A mundializa{\c{c}}{\~{a}}o financeira: g{\^{e}}nese, custos e riscos}},
year = {1998}
}
@incollection{Papadelis2019,
abstract = {In this chapter, a step-by-step application of calibrating an agent-based model is presented. In particular, an agent-based model for small-scale PV adoption was calibrated on the historical data for the small-scale solar PV capacity additions that took place in Greece from January 2010 to February 2013. The process of the model calibration allowed to (a) quantify and take into consideration uncertainties that are related to the characteristics and the decision-making criteria of the agents (i.e. independent PV power producers), in contrast to the more obvious uncertainties, such as technology costs, and (b) use the calibration results to explore the plausible---given the historical data---behaviour of the potential PV adopters in Greece under the new net-metering scheme (in effect as of mid-2015).},
address = {Cham},
author = {Papadelis, Sotiris and Flamos, Alexandros},
booktitle = {Understanding Risks and Uncertainties in Energy and Climate Policy: Multidisciplinary Methods and Tools for a Low Carbon Society},
doi = {10.1007/978-3-030-03152-7_3},
editor = {Doukas, Haris and Flamos, Alexandros and Lieu, Jenny},
isbn = {978-3-030-03152-7},
pages = {79--95},
publisher = {Springer International Publishing},
title = {{An Application of Calibration and Uncertainty Quantification Techniques for Agent-Based Models}},
year = {2019}
}
@book{Aglietta2004financeirizacao,
address = {Rio de Janeiro},
author = {Aglietta, Michel},
edition = {1},
publisher = {Loyola},
title = {{Macroeconomia financeira}},
year = {2004}
}
@misc{ibge2015b,
author = {IBGE},
booktitle = {Instituto Brasileiro de Geografia e Estat{\'{i}}stica},
title = {{Pesquisa nacional por amostra de domic{\'{i}}lios: s{\'{i}}ntese de indicadores 2015.}},
url = {https://downloads.ibge.gov.br/downloads{\_}estatisticas.htm},
urldate = {2018-10-30},
year = {2015}
}
@article{Agnello2018,
abstract = {Copyright {\textcopyright}Cambridge University Press 2017. In this paper, we assess the characteristics of the housing market and its main determinants. Using data for 20 industrial countries over the period 1970Q1-2012Q2 and a discrete-time Weibull duration model, we find that the likelihood of the end of a housing boom or a housing bust increases over time. Additionally, we show that the different phases of the housing market cycle are strongly dependent on the economic activity, but credit market conditions are particularly important in the case of housing booms. The empirical findings also indicate that although housing booms have similar lengths in European and non-European countries, housing busts are typically shorter in European countries. The use of a more flexible specification for the hazard function that is based on cubic splines suggests that it evolves in a nonlinear way. From a policy perspective, our study can be useful for predicting the timing and the length of housing boom-bust cycles. Moreover, it highlights the importance of monetary policy by influencing lending rates and affecting the likelihood of occurrence of housing booms.},
author = {Agnello, Luca and Castro, Vitor and Sousa, Ricardo M},
doi = {10.1017/S1365100516000869},
file = {:home/jadson/Insync-GoogleDrive/Mendeley Desktop/Agnello, Castro, Sousa/2018 - Agnello, Castro, Sousa - ECONOMIC ACTIVITY, CREDIT MARKET CONDITIONS, and the HOUSING MARKET.pdf:pdf},
issn = {14698056},
journal = {Macroeconomic Dynamics},
keywords = {cubic splines,dependence,duration,duration analysis,housing booms and busts,weibull model},
number = {7},
pages = {1769--1789},
title = {{ECONOMIC ACTIVITY, CREDIT MARKET CONDITIONS, and the HOUSING MARKET}},
volume = {22},
year = {2018}
}
@article{Simon1980,
author = {Simon, H},
journal = {Edi{\c{c}}{\~{o}}es Multiplas},
number = {1},
title = {{A Racionalidade do Processo Decis{\'{o}}rio em Empresas}},
volume = {1},
year = {1980}
}
@article{BERGMANN1990,
author = {Bergmann, B. R.},
journal = {The Journal of Economic Perspectives},
number = {1},
pages = {99--116},
title = {{Micro-to-macro simulation: a primer with a labor market example}},
volume = {4},
year = {1990}
}
@book{SAMUELSON1983,
address = {S{\~{a}}o Paulo},
author = {Samuelson, Paul Anthony.},
publisher = {Abril Cultural},
title = {{Fundamentos da an{\'{a}}lise econ{\^{o}}mica}},
year = {1983}
}
@misc{AALBERS2015,
address = {S{\~{a}}o Paulo},
author = {Aalbers, Manuel B.},
publisher = {USP/FAU},
title = {{The real estate/financial complex}},
year = {2015}
}
@book{2006TesfatsionJudd,
abstract = {Chapter 1 Computable General Equilibrium Modelling for Policy Analysis and Forecasting PETER B. DIXON and B.R. PARMENTER Chapter 2 Computation of Equilibria in Finite Games RICHARD D. McKELVEY and ANDREW McLENNAN Chapter 3 ComputationalMethods forMacroeconometricModels Ray C. FAIR Chapter 4 Mechanics of Forming and Estimating Dynamic Linear Economies EVANW. ANDERSON, LARS PETER HANSEN, ELLEN R. McGRATTAN and THOMAS J. SARGENT Chapter 5 Nonlinear Pricing and Mechanism Design ROBERTWILSON Chapter 6 Sectoral Economics DAVID A. KENDRICK PART 2: COMPUTER SCIENCE TOPICS Chapter 7 Parallel Computation ANNA NAGURNEY vii viii Contents of the Handbook Chapter 8 Artificial Intelligence in Economics and Finance: A State of the Art – 1994 The real estate price and assets and liability analysis case L.F. PAU and TAN, PAN YONG Chapter 9 Neural Networks for Encoding and Adapting in Dynamic Economies I.-KOO CHO and THOMAS J. SARGENT Chapter 10 Modeling Languages in Computational Economics: GAMS STAVROS A. ZENIOS Chapter 11 Mathematica for Economists HAL R. VARIAN PART 3: NUMERICAL METHODS Chapter 12 Approximation, Perturbation, and ProjectionMethods in Economic Analysis KENNETH L. JUDD Chapter 13 Numerical Methods for Linear-Quadratic Models HANS AMMAN Chapter 14 Numerical Dynamic Programming in Economics JOHN RUST Chapter 15 Monte Carlo Simulation and Numerical Integration JOHN GEWEKE Index VOLUME 2 Introduction to the Series Preface PART 1: ACE RESEARCH REVIEWS Chapter 16 Agent-Based Computational Economics: A Constructive Approach to Economic Theory LEIGH TESFATSION Contents of the Handbook Chapter 17 Computationally Intensive Analyses in Economics KENNETH L. JUDD Chapter 18 Agent Learning Representation: Advice on Modelling Economic Learning THOMAS BRENNER Chapter 19 Agent-BasedModels and Human Subject Experiments JOHN DUFFY Chapter 20 Economic Activity on Fixed Networks ALLEN WILHITE Chapter 21 ACEModels of Endogenous Interactions NICOLAAS J. VRIEND Chapter 22 Social Dynamics: Theory and Applications H. PEYTON YOUNG Chapter 23 Heterogeneous AgentModels in Economics and Finance CARS H. HOMMES Chapter 24 Agent-Based Computational Finance BLAKE LEBARON Chapter 25 Agent-BasedModels of Innovation and Technological Change HERBERT DAWID Chapter 26 Agent-BasedModels of Organizations MYONG-HUN CHANG and JOSEPH E. HARRINGTON, JR. Chapter 27 Market Design Using Agent-Based Models ROBERT MARKS Chapter 28 AutomatedMarkets and Trading Agents JEFFREY K. MACKIE-MASON and MICHAEL P.WELLMAN ix x Contents of the Handbook Chapter 29 ComputationalMethods andModels of Politics KEN KOLLMAN and SCOTT E. PAGE Chapter 30 Governing Social-Ecological Systems MARCO A. JANSSEN and ELINOR OSTROM Chapter 31 Computational Laboratories for Spatial Agent-Based Models CATHERINE DIBBLE PART 2: PERSPECTIVES ON THE ACE METHODOLOGY Chapter 32 Out-of-Equilibrium Economics and Agent-BasedModeling W. BRIAN ARTHUR Chapter 33 Agent-BasedModeling as a Bridge Between Disciplines ROBERT AXELROD Chapter 34 Remarks on the Foundations of Agent-Based Generative Social Science JOSHUA M. EPSTEIN Chapter 35 Coordination Issues in Long-Run Growth PETER HOWITT Chapter 36 Agent-Based Macro AXEL LEIJONHUFVUD Chapter 37 Some Fun, Thirty-Five Years Ago THOMAS C. SCHELLING PART 3: GUIDELINE FOR NEWCOMERS TO AGENT-BASED MODELING Appendix A A Guide for Newcomers to Agent-BasedModeling in the Social Sciences ROBERT AXELROD and L},
address = {Amsterdam},
author = {Tesfatsion, L and Judd, KL},
booktitle = {Journal of Experimental Psychology: General},
editor = {Tesfatsion, Leigh and Judd, Kenneth L.},
file = {:home/jadson/Insync-GoogleDrive/Mendeley Desktop/Tesfatsion, Judd/2006 - Tesfatsion, Judd - Handbook of computational economics agent based computational economics.pdf:pdf},
isbn = {9780444512536},
keywords = {autobiographical memory,depression,executive control,overgeneral memory,working},
publisher = {North-Holland},
title = {{Handbook of computational economics agent based computational economics}},
volume = {2},
year = {2006}
}
@article{Geanakoplos2012Risk,
author = {Geanakoplos, By John and Axtell, Robert and Farmer, J Doyne and Howitt, Peter and Conlee, Benjamin and Goldstein, Jonathan and Hendrey, Matthew and Palmer, Nathan M},
file = {:home/jadson/Insync-GoogleDrive/Mendeley Desktop/Geanakoplos et al/2012 - Geanakoplos et al. - Getting at Systemic Risk via an Agent-Based Model of the Housing Market.pdf:pdf},
number = {3},
pages = {53--58},
title = {{Getting at Systemic Risk via an Agent-Based Model of the Housing Market}},
volume = {102},
year = {2012}
}
@book{CARDOSO2015,
address = {Rio de Janeiro},
author = {Cardoso, Adauto Lucio; and do Lago, Luciana Corr{\^{e}}a},
publisher = {Observat{\'{o}}rio das Metr{\'{o}}poles/IPPUR/UFRJ},
title = {{Avalia{\c{c}}{\~{a}}o do Programa Minha Casa Minha Vida na regi{\~{a}}o metropolitana do Rio de Janeiro: Impactos urbanos e sociais}},
year = {2015}
}
@book{CHESNAIS1996,
address = {S{\~{a}}o Paulo},
author = {Chesnais, Fran{\c{c}}ois},
publisher = {Xam{\~{a}}},
title = {{A Mundializa{\c{c}}{\~{a}}o do Capital}},
year = {1996}
}
@article{Paulani2009a,
abstract = {Parece n{\~{a}}o haver d{\'{u}}vida de que, nos {\'{u}}ltimos 30 anos, alterou-se profun- damente a forma de funcionamento do capitalismo. No campo cr{\'{i}}tico, as teses sobre o car{\'{a}}ter financeirizado do processo de acumula{\c{c}}{\~{a}}o ganham destaque. Dentre elas, a do economista franc{\^{e}}s Fran{\c{c}}ois Chesnais. Sua principal proposi{\c{c}}{\~{a}}o {\'{e}} que, a partir do final dos anos 1970, o capitalismo estaria se reproduzindo por meio de um regime de acumula{\c{c}}{\~{a}}o em que domina a valoriza{\c{c}}{\~{a}}o financeira. No presente artigo, procuramos mostrar que a crise que ora vivenciamos {\'{e}} uma crise desse regime de acumula{\c{c}}{\~{a}}o, bem como refletir sobre a situa{\c{c}}{\~{a}}o e as perspectivas do Brasil nesse contexto. Para tanto, faremos uma breve recupera{\c{c}}{\~{a}}o te{\'{o}}rica dos conceitos envolvidos nessa tese (primeira se{\c{c}}{\~{a}}o), para em seguida apresentar as principais caracter{\'{i}}sticas do regime financeirizado (segunda se{\c{c}}{\~{a}}o), repassar o hist{\'{o}}rico de funcionamento desse regime nas {\'{u}}ltimas tr{\^{e}}s d{\'{e}}cadas (terceira se{\c{c}}{\~{a}}o) e refletir sobre a situa{\c{c}}{\~{a}}o e perspectivas do Brasil nesse contexto (quarta se{\c{c}}{\~{a}}o).},
author = {Paulani, Leda Maria},
doi = {10.1590/S0103-40142009000200003},
issn = {0103-4014},
journal = {Estudos Avan{\c{c}}ados},
number = {66},
pages = {25--39},
title = {{A crise do regime de acumula{\c{c}}{\~{a}}o com domin{\^{a}}ncia da valoriza{\c{c}}{\~{a}}o financeira e a situa{\c{c}}{\~{a}}o do Brasil}},
url = {http://www.scielo.br/scielo.php?script=sci{\_}arttext{\&}pid=S0103-40142009000200003{\&}lng=pt{\&}tlng=pt},
volume = {23},
year = {2009}
}
@article{Blank2014struture,
author = {Blank, David M. and Winnick, Louis},
file = {:home/jadson/Insync-GoogleDrive/Mendeley Desktop/Blank, Winnick/1953 - Blank, Winnick - The Structure of the Housing.pdf:pdf;:home/jadson/Insync-GoogleDrive/Mendeley Desktop/Blank, Winnick/1953 - Blank, Winnick - The Structure of the Housing.odt:odt},
journal = {The Quarterly Journal of Economics},
number = {2},
pages = {181--208},
title = {{The Structure of the Housing}},
volume = {67},
year = {1953}
}
@incollection{Davis2015,
abstract = {In this chapter, we review and discuss the large body of research that has developed over the past 10-plus years that explores the interconnection of macroeconomics, finance, and housing. We focus on three major topics-housing and the business cycle, housing and portfolio choice, and housing and asset returns-and then review the recent literature that studies housing and the macroeconomy during the great housing boom and bust of 2000-2010. Our emphasis is on calibrated models that can be compared with data. In each section, we discuss the important questions, the typical set of tools used, and the insights that result from influential articles. Although great progress has been made in understanding the impact of housing outcomes on macroeconomic aggregates and vice versa, work remains. For example, economists recognize the importance of changing credit-market conditions in amplifying the volatility of house prices, but cannot explain the timing of these changes. At the end of the chapter, we discuss a new literature that assesses the macroeconomic effects and welfare implications of housing policies.},
author = {Davis, Morris A. and {Van Nieuwerburgh}, Stijn.},
booktitle = {Handbook of Regional and Urban Economics},
doi = {10.1016/B978-0-444-59531-7.00012-0},
edition = {1},
file = {:home/jadson/Insync-GoogleDrive/Mendeley Desktop/Davis, Van Nieuwerburgh/2015 - Davis, Van Nieuwerburgh - Housing, Finance, and the Macroeconomy.pdf:pdf},
keywords = {Financial crisis,Housing,Housing and asset pricing,Housing and macroeconomics,Housing and portfolio choice,Housing crisis,Housing cycle,Real estate and business cycle,Real estate boom and bust},
pages = {753--811},
publisher = {Elsevier B.V.},
title = {{Housing, Finance, and the Macroeconomy}},
volume = {5},
year = {2015}
}
@article{HANSEN1996,
author = {Hansen, L and Heckman, J},
journal = {Journal of Economic Perspectives},
number = {1},
title = {{The Empirical Foundations of Calibration}},
volume = {10},
year = {1996}
}
@book{ROLNIK2015,
address = {S{\~{a}}o Paulo},
author = {Rolnik, Raquel},
edition = {1{\textordfeminine}},
pages = {424},
publisher = {Boitempo},
title = {{GUERRA DOS LUGARES: coloniza{\c{c}}{\~{a}}o da terra e da moradia na era das finan{\c{c}}as}},
year = {2015}
}
@article{Foster2005,
abstract = {(2005). “.” , vol. 29, pp. 873-892.},
author = {Foster, J.},
journal = {Cambridge Journal of Economics},
pages = {873--892},
title = {{From Simplistic to Complex Systems in Economics}},
volume = {29},
year = {2005}
}
@article{Holt2011,
abstract = {This article argues that the neoclassical era in economics has ended and is being replaced by a new era. What best characterizes the new era is its acceptance that the economy is complex, and thus that it might be called the complexity era. The complexity era has not arrived through a revolution. Instead, it has evolved out of the many strains of neoclassical work, along with work done by less orthodox mainstream and heterodox economists. It is only in its beginning stages. The article discusses the work that is forming the foundation of the complexity era, and how that work will likely change the way in which we understand economic phenomena and the economics profession.},
author = {Holt, Richard P.F. and Rosser, J. Barkley and Colander, David},
doi = {10.1080/09538259.2011.583820},
isbn = {0953-8259},
issn = {09538259},
journal = {Review of Political Economy},
number = {3},
pages = {357--369},
title = {{The complexity Era in economics}},
volume = {23},
year = {2011}
}
@book{Orlean2006financeirizacao,
address = {Bogot{\'{a}}},
author = {Orl{\'{e}}an, Andr{\'{e}}},
publisher = {Universidad Externado de Col{\^{o}}mbia},
title = {{El poder de las finanzas}},
year = {2006}
}
@article{Otto2015,
address = {Santford},
author = {Otto, Samira},
file = {:home/jadson/Insync-GoogleDrive/Mendeley Desktop/Otto/2015 - Otto - Real Estate Policy in Brazil and Some Comparisons with the United States.pdf:pdf},
institution = {Stanford University},
journal = {Working Paper},
number = {549},
pages = {32},
publisher = {Center for Internacional Development},
title = {{Real Estate Policy in Brazil and Some Comparisons with the United States}},
url = {https://globalpoverty.stanford.edu/publications/real-estate-policy-brazil-and-some-comparisons-united-states},
year = {2015}
}
@book{HARVEY2005,
address = {S{\~{a}}o Paulo},
annote = {FAZER FICHAMENTO},
author = {HARVEY, D},
keywords = {espa{\c{c}}o,produ{\c{c}}{\~{a}}o capitalista do espa{\c{c}}o},
mendeley-tags = {espa{\c{c}}o,produ{\c{c}}{\~{a}}o capitalista do espa{\c{c}}o},
publisher = {Annablume},
title = {{A produ{\c{c}}{\~{a}}o capitalista do espa{\c{c}}o}},
year = {2005}
}
@article{Zezza2007,
author = {Zezza, Gennaro},
journal = {Ekonomia},
number = {2},
title = {{The US housing market: a stock-flow consistent approach}},
volume = {10},
year = {2007}
}
@article{Cerutti2017,
abstract = {The recent global financial crisis has highlighted the potential conflict between improving access to housing finance and maintaining financial stability. Using a new dataset on housing finance and house prices for a sample of more than 50 countries, this paper analyzes the dynamic relationship between household credit and house-price booms. It also examines the potential role of some housing finance characteristics on the likelihood of house-price booms and on how they ended. The following stylized patterns are highlighted. First, credit and house-price booms are tightly linked. Second, house-price booms have occurred more often with a twin credit boom (simultaneous booms in both household and firm credit) than with a solo boom in household credit. Third, house-price booms seem to be more likely in countries with higher loan to value ratios and mortgage funding models based on securitization or wholesale sources. Finally, we find thatthe majority of house-price booms end up with a recession, and that both twin credit booms and non-retail deposit funding predict a worse landing.},
author = {Cerutti, Eugenio and Dagher, Jihad and Dell'Ariccia, Giovanni},
doi = {10.1016/J.JHE.2017.02.001},
issn = {1051-1377},
journal = {Journal of Housing Economics},
month = {dec},
pages = {1--13},
publisher = {Academic Press},
title = {{Housing finance and real-estate booms: A cross-country perspective}},
volume = {38},
year = {2017}
}
@phdthesis{Farias2017,
annote = {INTRODU{\c{C}}{\~{A}}O
- Sistemas Complexos


2.4. Desenhos conceituais
Detalhamento dos pressupostos minimamente necess{\'{a}}rio para excecu{\c{c}}{\~{a}}o do modelo de teste da metodologia;

- Princ{\'{i}}pios B{\'{a}}sicos (teoria, hip{\'{o}}teses e formas de modelagem)
- Tomada de Decis{\~{a}}o Individual
- Objetivos = Qual a motiva{\c{c}}{\~{a}}o de tras de suas deci{\c{c}}{\~{o}}es e a{\c{c}}{\~{o}}es;
- Racionalidade = Racionalidade limitada (melhor resultado poss{\'{i}}vel ainda que n{\~{a}}o {\'{o}}timo, mas satisfatorio - Simon);
- Adapta{\c{c}}{\~{a}}o = relacionada com a fun{\c{c}}{\~{a}}o objeto, com processo de corre{\c{c}}{\~{a}}o de erros.
- Normas Sociais = emergentes e impacto no aprendizado do agenete;
- Rela{\c{c}}{\~{a}}o com o Espa{\c{c}}o = foi desconsidarada. But, pode ser incluido no modelo. Via mapas ou como orienta{\c{c}}{\~{a}}o.
- Rela{\c{c}}{\~{a}}o com o tempo = percepc{\c{c}}{\~{a}}o do agente do passado.
- Incertezas nas Informa{\c{c}}{\~{o}}es = os agentes n{\~{a}}o tem informa{\c{c}}{\~{a}}o completa. Ir{\~{a}}o se ajustar e adaptar-se

- Decis{\~{o}}es do Agente Domic{\'{i}}lio
1{\textordfeminine} decis{\~{a}}o Y = C + S (qto ser{\'{a}} consumida e qto ser{\'{a}} poupada)
2{\textordfeminine} decis{\~{a}}o = descris{\c{c}}{\~{a}}o dessas quantas {\textgreater}{\textgreater} bens e portif{\'{o}}lio;

- Decis{\~{o}}es do Agente Firma (Bens de Consumo);
- Oligopolista (Modelo 1)
- 
Pontos importantes:
tomada de dicis{\~{a}}o
expectativas dos agentes (mecanismos adaptativos)

========================================
- Decis{\~{o}}es do Agente Firma (Bens de Capital);
- N{\~{a}}o foi tratada apenas para fechar o modelo
- tr{\^{e}}s coeficientes de produtividade: maquin{\'{a}}rio, contribui{\c{c}}{\~{a}}o a capacidade produtiva e de bens finais 

- Decis{\~{o}}es do Agente Banco Comercial
- Capacidade de alterar as estrutura or{\c{c}}ament{\'{a}}ria das familias e empresas (no curto prazo).
- 3 deci{\c{c}}{\~{o}}es
i) escolher{\~{a}}o as taxas de juros p dep{\'{o}}sitos e empr{\'{e}}stimos
ii) limites de cr{\'{e}}dito (individual e coletivo)
iii) atribuir{\'{a}} um n{\'{i}}vel de risco aos empr{\'{e}}stimos

- Decis{\~{o}}es do Governo
i) rspons{\'{a}}vel pela pol{\'{i}}tica fiscal.

- Decis{\~{o}}es do Banco Central
i) respons{\'{a}}vel pela pol{\'{i}}tica monet{\'{a}}ria.
- tx de juros dos titulos do governo
- tx de emprestimo para os BCs.

2.4.3 Aprendizado (estrategias de adapta{\c{c}}{\~{a}}o)
- escolha da fun{\c{c}}{\~{a}}o objeto
- cr{\'{i}}terios de adequa{\c{c}}{\~{a}}o ou valida{\c{c}}{\~{a}}o do resulado da estrategia operacional ou valida{\c{c}}{\~{a}}o do resultado de seu perfil antecipat{\'{o}}rio
- supera{\c{c}}{\~{a}}o de rotinas pr{\'{e}}-estabelecidas.

2.4.4 Intera{\c{c}}{\~{a}}o

2.4.5 Heterogeneidade
- configura{\c{c}}{\~{a}}o inicial
- processos emergentes

2.4.8 Observa{\c{c}}{\~{a}}o e Emergencia (que dados o observador coletar{\'{a}} da simula{\c{c}}{\~{a}}o)

i ) Vari{\'{a}}veis Macroecon{\^{o}}micas
ii ) Distribui{\c{c}}{\~{a}}o de Vari{\'{a}}veis Sist{\^{e}}micas
iii) Distribui{\c{c}}{\~{a}}o das EStruturas Decis{\'{o}}rias
iv) Metricas de Rede
v) Correla{\c{c}}{\~{a}}o entre as vari{\'{a}}veis
vi) Eventos hist{\'{o}}ricos relevantes (mudan{\c{c}}as de fase)

{\textgreater}{\textgreater}{\textgreater} JP ponto importante para utilizar como link dos motivos que irei realizar dois artigos antes. Pois s{\~{a}}o os dados utilizados pelo observador.
1{\textordfeminine} Variaveis Macro

{\_}{\_}{\_}{\_}{\_}{\_}{\_}{\_}{\_}{\_}{\_}{\_}{\_}{\_}{\_}{\_}{\_}{\_}{\_}{\_}{\_}{\_}{\_}{\_}{\_}{\_}{\_}{\_}{\_}{\_}{\_}{\_}{\_}{\_}{\_}{\_}{\_}{\_}{\_}{\_}{\_}{\_}{\_}{\_}{\_}
2.5 Incializa{\c{c}}ao do Modelo

2.6. Dados de Entrada
- Para a tese n{\~{a}}o foi realizado uma calibra{\c{c}}{\~{a}}o no modelo com base em observa{\c{c}}{\~{o}}es da realizada. 

{\textgreater}{\textgreater} JP: Esse {\'{e}} o nosso objetivo enquanto problema de pesquisa. Tratar analiticamente um modelo baseado em agente que leve em considera{\c{c}}{\~{a}}o os dados reais de um mercado espec{\'{i}}fico como forma de calibra{\c{c}}{\~{a}}o e verifica{\c{c}}{\~{a}}o das simula{\c{c}}{\~{o}}es dos modelos desenvolvido.

2.7 Submodelos
- Divididos em:
i) Estrutua de Contratos;
ii) Formula{\c{c}}{\~{a}}o das Matrizes de Agentes na Implementa{\c{c}}{\~{a}}o;
iii) Algoritmos Otimizadores para Representa{\c{c}}{\~{a}}o da Racionalidade Limitada dos Agentes;
iv) Protocolo de Mercado (com setor banc{\'{a}}rio);
v) Escolhas do Vendedor ou Comprador.

2.7.1 Estrutura de contratos
- Nas matrizes os demandantes representam as linhas e as colunas representam os contratos.

2.7.2 Matrizes de Agentes

2.7.3Algoritmos Otimizadores para representa{\c{c}}{\~{a}}o da Racionalidade Limitada.
- tipos de algortimos que podem ser utilizados;
i) Algoritmo gen{\'{e}}tico
ii) Algoritmo de Otimiza{\c{c}}{\~{a}}o n{\~{a}}o linear
iii) Algoritimo Baseado em Gradiente
iv) Redes Neurais

3. Resultados
- Principais resultados dos testes de conceito do simulador
i) Resultados para o protocolo de mercado
ii) Resultados do fluxo circular da renda
iii) Economia completa


5 Conclus{\~{a}}o

{\textgreater}{\textgreater} JP: busmos romper com o entendimento do uso de ABM pode ser usado unicamente como potencial. Mas, que possar ser utilizado de forma pr{\'{a}}tica VER conclus{\~{a}}o
- validar empiricamente do modelo proposto
- para tal empreitada requer o cumprimento de coleta e entendimento das vari{\'{a}}veis importante para calibra{\c{c}}{\~{a}}o do modelo.
- com o detalhamento das rela{\c{c}}{\~{o}}es tanto teorico quanto empirica.

construir um simulador com estruturas fundamentais para },
author = {Farias, Hilder Andr{\'{e}} Bezerrad},
file = {:home/jadson/Insync-GoogleDrive/Mendeley Desktop/Farias/2017 - Farias - Simula{\c{c}}{\~{o}}es Multiagentes A Economia a partir de uma abordagem Complexa.pdf:pdf},
pages = {317},
school = {Programa de P{\'{o}}s-Gradua{\c{c}}{\~{a}}o em Economia},
title = {{Simula{\c{c}}{\~{o}}es Multiagentes: A Economia a partir de uma abordagem Complexa}},
type = {Tese de Doutorado},
year = {2017}
}
@book{Godley2007,
address = {New York},
author = {Godley, Wynne and Lavoie, Marc},
file = {:home/jadson/Insync-GoogleDrive/Mendeley Desktop/Godley, Lavoie/2007 - Godley, Lavoie - Monetary Economics An Integrated Approach to Credit, Money, Income, Production and Wealth.pdf:pdf},
isbn = {978–0–230–50055–6},
pages = {576},
publisher = {PALGRAVE MACMILLAN},
title = {{Monetary Economics: An Integrated Approach to Credit, Money, Income, Production and Wealth}},
year = {2007}
}
@inproceedings{Aziza2016a,
abstract = {Complexity science offers many theories such as chaos theory and coevolutionary theory. These theories illustrate a large set of real life systems and help decipher their nonlinear and unpredictable behaviours. Categorizing an observed Complex System among these theories depends on the aspect that we intend to study, and it can help better understand the phenomena that occur within the system. This article aims to give an overview on Complex Systems and their modelling. Therefore, we compare these theories based on their main behavioural characteristics, e.g. emergence, adaptability, and dynamism. Then we compare the methods used in the literature to model and simulate Complex Systems, and we propose and discuss simple guidelines to help understand one's Complex System and choose the most adequate model to simulate it. Copyright {\textcopyright} 2016 by SCITEPRESS - Science and Technology Publications, Lda. All rights reserved.},
author = {Aziza, Rabia and Borgi, Amel and Zgaya, Hayfa and Guinhouya, Benjamin},
booktitle = {Proceedings of the 8th International Conference on Agents and Artificial Intelligence (ICAART)},
doi = {10.5220/0005684602980305},
file = {:home/jadson/Insync-GoogleDrive/Mendeley Desktop/Aziza et al/2016 - Aziza et al. - Simulating Complex Systems - Complex System Theories, Their Behavioural Characteristics and Their Simulation.pdf:pdf},
isbn = {978-989-758-172-4},
keywords = {Agents,Complex systems,Constructivist approach,Simulation},
number = {Icaart},
pages = {298--305},
title = {{Simulating Complex Systems - Complex System Theories, Their Behavioural Characteristics and Their Simulation}},
url = {http://www.scitepress.org/DigitalLibrary/Link.aspx?doi=10.5220/0005684602980305},
volume = {2},
year = {2016}
}
@book{Ch2014,
abstract = {In this article I discuss the potential role of agent-based modeling techniques in development economics. Development economics has recently seen a strong rise of experimental evidence from the field and the laboratory. At the same time, there is a debate on how theory should adapt to this new approach and its findings. I argue in this paper that the agent-based modeling approach is a promising complement to the traditional modeling techniques, as it can easily incorporate the non-standard findings of the experimental literature. Moreover, I emphasize the opportunity of a mutually beneficial interplay between experiment based empirical research and agent-based models.},
author = {Ju{\'{a}}rez, Florian Ch{\'{a}}vez},
booktitle = {Ssrn},
doi = {10.2139/ssrn.2397252},
keywords = {agent-based modeling techniques,behavioral economics,development economics,experiments,poverty reduction,randomized field trials},
pages = {1--13},
title = {{Agent-Based Models in Development Economics}},
year = {2014}
}
@article{Lancaster1966,
author = {Lancaster, Kelvin},
doi = {10.1086/226550},
file = {:home/jadson/Insync-GoogleDrive/Mendeley Desktop/Lancaster/1966 - Lancaster - A New Approach to Consumer Theory.pdf:pdf},
isbn = {9781597264860},
journal = {The Journal of Political Economy},
keywords = {Economia Urbana,Microeconomia,Pre{\c{c}}os Hed{\^{o}}nicos},
mendeley-tags = {Economia Urbana,Microeconomia,Pre{\c{c}}os Hed{\^{o}}nicos},
number = {2},
pages = {132--157},
title = {{A New Approach to Consumer Theory}},
volume = {74},
year = {1966}
}
